<?xml version="1.0" encoding="UTF-8"?><record xmlns="http://www.loc.gov/MARC21/slim" xmlns:cinclude="http://apache.org/cocoon/include/1.0" xmlns:zs="http://www.loc.gov/zing/srw/">
  <leader>00349cz  a2200121n  4500</leader>
  <controlfield tag="001">n 2005011372</controlfield>
  <controlfield tag="003">DLC</controlfield>
  <controlfield tag="005">20050215145616.0</controlfield>
  <controlfield tag="008">050215n| acannaabn          |n aad      </controlfield>
  <datafield tag="010" ind1=" " ind2=" ">
    <subfield code="a">n 2005011372</subfield>
  </datafield>
  <datafield tag="040" ind1=" " ind2=" ">
    <subfield code="a">DLC</subfield>
    <subfield code="b">eng</subfield>
    <subfield code="c">DLC</subfield>
  </datafield>
  <datafield tag="100" ind1="1" ind2=" ">
    <subfield code="a">Carpenter, Gary,</subfield>
    <subfield code="d">1951-</subfield>
    <subfield code="t">Sonatas,</subfield>
    <subfield code="m">saxophone, piano</subfield>
  </datafield>
  <datafield tag="670" ind1=" " ind2=" ">
    <subfield code="a">Haram, Simon. On fire, p1997:</subfield>
    <subfield code="b">(Sonata / Gary Carpenter)</subfield>
  </datafield>
</record>